<?xml version="1.0" encoding="UTF-8"?><collection xmlns="http://www.loc.gov/MARC21/slim"><record><leader>00457nam--2200121-i-4500</leader><controlfield tag="001">000028131</controlfield><controlfield tag="002">20161230</controlfield><controlfield tag="005">20161230201037</controlfield><controlfield tag="008">060222s1000------------r-----000-0-eng-d</controlfield><datafield ind1=" " ind2=" " tag="100"><subfield code="a">Kempfle, Manfred</subfield></datafield><datafield ind1=" " ind2=" " tag="245"><subfield code="a">Eine spektroskopische methode zur messung der ``lebensdauer`` von freien radikalen und angeregten entladungen (beispiel: benzylradikal).inaugural- dissertation</subfield></datafield><datafield ind1=" " ind2=" " tag="260"><subfield code="a">Tubingen, Fakultat Der Eberhard-karls-universitat, 1964. 66p</subfield></datafield><datafield ind1=" " ind2=" " tag="852"><subfield code="a">23409</subfield></datafield></record></collection>